@book{Thrun:2005:PR:1121596,
 author = {Thrun, Sebastian and Burgard, Wolfram and Fox, Dieter},
 title = {Probabilistic Robotics (Intelligent Robotics and Autonomous Agents)},
 year = {2005},
 isbn = {0262201623},
 publisher = {The MIT Press},
}

@article{Labbe:2018,
 author = {Labb{\'e}, Mathieu and Michaud, Fran\c{c}ois},
 title = {Long-term Online Multi-session Graph-based SPLAM with Memory Management},
 journal = {Auton. Robots},
 issue_date = {August    2018},
 volume = {42},
 number = {6},
 month = aug,
 year = {2018},
 issn = {0929-5593},
 pages = {1133--1150},
 numpages = {18},
 url = {https://doi.org/10.1007/s10514-017-9682-5},
 doi = {10.1007/s10514-017-9682-5},
 acmid = {3231152},
 publisher = {Kluwer Academic Publishers},
 address = {Norwell, MA, USA},
 keywords = {Loop closure detection, Multi-session, Path planning, Pose graph, SLAM},
} 

@conference {288,
	title = {ROS: an open-source Robot Operating System},
	booktitle = {ICRA Workshop on Open Source Software},
	year = {2009},
	attachments = {http://www.willowgarage.com/sites/default/files/icraoss09-ROS.pdf},
	author = {Morgan Quigley and Ken Conley and Brian P. Gerkey and Josh Faust and Tully Foote and Jeremy Leibs and Rob Wheeler and Andrew Y. Ng},
}

@article{labbertab,
  title={RTAB-Map as an open-source lidar and visual simultaneous localization and mapping library for large-scale and long-term online operation},
  author={Labb{\'e}, Mathieu and Michaud, Fran{\c{c}}ois},
  journal={Journal of Field Robotics},
  publisher={Wiley Online Library}
}

